%YAML 1.1
%TAG !u! tag:unity3d.com,2011:
--- !u!1 &4158165030786225417
GameObject:
  m_ObjectHideFlags: 0
  m_CorrespondingSourceObject: {fileID: 0}
  m_PrefabInstance: {fileID: 0}
  m_PrefabAsset: {fileID: 0}
  serializedVersion: 6
  m_Component:
  - component: {fileID: 4158165030786225421}
  - component: {fileID: 4158165030786225420}
  - component: {fileID: 4158165030786225419}
  - component: {fileID: 4158165030786225418}
  m_Layer: 8
  m_Name: ShootingPoint
  m_TagString: Untagged
  m_Icon: {fileID: 0}
  m_NavMeshLayer: 0
  m_StaticEditorFlags: 0
  m_IsActive: 1
--- !u!4 &4158165030786225421
Transform:
  m_ObjectHideFlags: 0
  m_CorrespondingSourceObject: {fileID: 0}
  m_PrefabInstance: {fileID: 0}
  m_PrefabAsset: {fileID: 0}
  m_GameObject: {fileID: 4158165030786225417}
  m_LocalRotation: {x: -0, y: -0, z: -0, w: 1}
  m_LocalPosition: {x: -2.241, y: 0, z: 0}
  m_LocalScale: {x: 0.30173, y: 0.30173, z: 0.30173}
  m_ConstrainProportionsScale: 0
  m_Children: []
  m_Father: {fileID: 4158165030946930910}
  m_RootOrder: 2
  m_LocalEulerAnglesHint: {x: 0, y: 0, z: 0}
--- !u!33 &4158165030786225420
MeshFilter:
  m_ObjectHideFlags: 0
  m_CorrespondingSourceObject: {fileID: 0}
  m_PrefabInstance: {fileID: 0}
  m_PrefabAsset: {fileID: 0}
  m_GameObject: {fileID: 4158165030786225417}
  m_Mesh: {fileID: 10202, guid: 0000000000000000e000000000000000, type: 0}
--- !u!23 &4158165030786225419
MeshRenderer:
  m_ObjectHideFlags: 0
  m_CorrespondingSourceObject: {fileID: 0}
  m_PrefabInstance: {fileID: 0}
  m_PrefabAsset: {fileID: 0}
  m_GameObject: {fileID: 4158165030786225417}
  m_Enabled: 0
  m_CastShadows: 0
  m_ReceiveShadows: 1
  m_DynamicOccludee: 1
  m_StaticShadowCaster: 0
  m_MotionVectors: 1
  m_LightProbeUsage: 1
  m_ReflectionProbeUsage: 1
  m_RayTracingMode: 2
  m_RayTraceProcedural: 0
  m_RenderingLayerMask: 1
  m_RendererPriority: 0
  m_Materials:
  - {fileID: 2100000, guid: 31321ba15b8f8eb4c954353edc038b1d, type: 2}
  m_StaticBatchInfo:
    firstSubMesh: 0
    subMeshCount: 0
  m_StaticBatchRoot: {fileID: 0}
  m_ProbeAnchor: {fileID: 0}
  m_LightProbeVolumeOverride: {fileID: 0}
  m_ScaleInLightmap: 1
  m_ReceiveGI: 1
  m_PreserveUVs: 0
  m_IgnoreNormalsForChartDetection: 0
  m_ImportantGI: 0
  m_StitchLightmapSeams: 1
  m_SelectedEditorRenderState: 3
  m_MinimumChartSize: 4
  m_AutoUVMaxDistance: 0.5
  m_AutoUVMaxAngle: 89
  m_LightmapParameters: {fileID: 0}
  m_SortingLayerID: 0
  m_SortingLayer: 0
  m_SortingOrder: 0
  m_AdditionalVertexStreams: {fileID: 0}
--- !u!65 &4158165030786225418
BoxCollider:
  m_ObjectHideFlags: 0
  m_CorrespondingSourceObject: {fileID: 0}
  m_PrefabInstance: {fileID: 0}
  m_PrefabAsset: {fileID: 0}
  m_GameObject: {fileID: 4158165030786225417}
  m_Material: {fileID: 0}
  m_IsTrigger: 0
  m_Enabled: 0
  serializedVersion: 2
  m_Size: {x: 1, y: 1, z: 1}
  m_Center: {x: 0, y: 0, z: 0}
--- !u!1 &4158165030946930906
GameObject:
  m_ObjectHideFlags: 0
  m_CorrespondingSourceObject: {fileID: 0}
  m_PrefabInstance: {fileID: 0}
  m_PrefabAsset: {fileID: 0}
  serializedVersion: 6
  m_Component:
  - component: {fileID: 4158165030946930910}
  - component: {fileID: 4158165030946930909}
  - component: {fileID: 4158165030946930908}
  - component: {fileID: 4158165030946930911}
  - component: {fileID: 4158165030946930912}
  - component: {fileID: 4158165030946930913}
  - component: {fileID: 4158165030946930914}
  - component: {fileID: -2218541833577184801}
  - component: {fileID: 6605795371451347862}
  m_Layer: 8
  m_Name: Player2
  m_TagString: Player
  m_Icon: {fileID: 0}
  m_NavMeshLayer: 0
  m_StaticEditorFlags: 0
  m_IsActive: 1
--- !u!4 &4158165030946930910
Transform:
  m_ObjectHideFlags: 0
  m_CorrespondingSourceObject: {fileID: 0}
  m_PrefabInstance: {fileID: 0}
  m_PrefabAsset: {fileID: 0}
  m_GameObject: {fileID: 4158165030946930906}
  m_LocalRotation: {x: -0, y: -0, z: -0, w: 1}
  m_LocalPosition: {x: -893.4988, y: -477.8271, z: 9.666307}
  m_LocalScale: {x: 0.34541944, y: 0.34541944, z: 0.34541944}
  m_ConstrainProportionsScale: 0
  m_Children:
  - {fileID: 4158165031465992537}
  - {fileID: 4158165031968392231}
  - {fileID: 4158165030786225421}
  - {fileID: 4158165032066910745}
  - {fileID: 4158165032439134018}
  - {fileID: 4158165032562615228}
  m_Father: {fileID: 0}
  m_RootOrder: 0
  m_LocalEulerAnglesHint: {x: 0, y: 0, z: 0}
--- !u!33 &4158165030946930909
MeshFilter:
  m_ObjectHideFlags: 0
  m_CorrespondingSourceObject: {fileID: 0}
  m_PrefabInstance: {fileID: 0}
  m_PrefabAsset: {fileID: 0}
  m_GameObject: {fileID: 4158165030946930906}
  m_Mesh: {fileID: 10208, guid: 0000000000000000e000000000000000, type: 0}
--- !u!23 &4158165030946930908
MeshRenderer:
  m_ObjectHideFlags: 0
  m_CorrespondingSourceObject: {fileID: 0}
  m_PrefabInstance: {fileID: 0}
  m_PrefabAsset: {fileID: 0}
  m_GameObject: {fileID: 4158165030946930906}
  m_Enabled: 0
  m_CastShadows: 0
  m_ReceiveShadows: 1
  m_DynamicOccludee: 1
  m_StaticShadowCaster: 0
  m_MotionVectors: 1
  m_LightProbeUsage: 1
  m_ReflectionProbeUsage: 1
  m_RayTracingMode: 2
  m_RayTraceProcedural: 0
  m_RenderingLayerMask: 1
  m_RendererPriority: 0
  m_Materials:
  - {fileID: 2100000, guid: 31321ba15b8f8eb4c954353edc038b1d, type: 2}
  m_StaticBatchInfo:
    firstSubMesh: 0
    subMeshCount: 0
  m_StaticBatchRoot: {fileID: 0}
  m_ProbeAnchor: {fileID: 0}
  m_LightProbeVolumeOverride: {fileID: 0}
  m_ScaleInLightmap: 1
  m_ReceiveGI: 1
  m_PreserveUVs: 0
  m_IgnoreNormalsForChartDetection: 0
  m_ImportantGI: 0
  m_StitchLightmapSeams: 1
  m_SelectedEditorRenderState: 3
  m_MinimumChartSize: 4
  m_AutoUVMaxDistance: 0.5
  m_AutoUVMaxAngle: 89
  m_LightmapParameters: {fileID: 0}
  m_SortingLayerID: 0
  m_SortingLayer: 0
  m_SortingOrder: 0
  m_AdditionalVertexStreams: {fileID: 0}
--- !u!114 &4158165030946930911
MonoBehaviour:
  m_ObjectHideFlags: 0
  m_CorrespondingSourceObject: {fileID: 0}
  m_PrefabInstance: {fileID: 0}
  m_PrefabAsset: {fileID: 0}
  m_GameObject: {fileID: 4158165030946930906}
  m_Enabled: 1
  m_EditorHideFlags: 0
  m_Script: {fileID: 11500000, guid: 3f208564ea86de44d9919a52cb1fbc2e, type: 3}
  m_Name: 
  m_EditorClassIdentifier: 
  health: 3
  canBeHit: 0
  invulnerabilityTime: 0
  player: {fileID: 4158165030946930906}
  ShootingPoint: {fileID: 4158165030786225417}
  speed: 7
  explosion: {fileID: 9117854085106410573, guid: ba7bd6731c3e79b47868028bde1304c6,
    type: 3}
  canMoveLeft: 0
  canMoveRight: 0
  canMoveUp: 0
  canMoveDown: 0
  canmoveGeneral: 0
  Shooting:
    m_Name: Shooting
    m_Type: 0
    m_ExpectedControlType: 
    m_Id: d89fbf43-0b36-432d-be16-1a1637cbda0f
    m_Processors: 
    m_Interactions: 
    m_SingletonActionBindings:
    - m_Name: 
      m_Id: 5cdc759d-10d1-42be-898b-ead7c5acc688
      m_Path: <Keyboard>/rightShift
      m_Interactions: 
      m_Processors: 
      m_Groups: 
      m_Action: Shooting
      m_Flags: 0
    - m_Name: 
      m_Id: 9cb03720-84fa-46fb-a84d-313a5c867f86
      m_Path: <XInputController>/buttonEast
      m_Interactions: 
      m_Processors: 
      m_Groups: 
      m_Action: Shooting
      m_Flags: 0
    - m_Name: 
      m_Id: 796f5dd6-faea-4b68-a4ea-5c42b790cf86
      m_Path: <HID::HJC Game GAMEPAD>/button2
      m_Interactions: 
      m_Processors: 
      m_Groups: 
      m_Action: Shooting
      m_Flags: 0
    - m_Name: 
      m_Id: 56e0860e-5a76-4454-9612-d89d38e216b5
      m_Path: <Keyboard>/numpad0
      m_Interactions: 
      m_Processors: 
      m_Groups: 
      m_Action: Shooting
      m_Flags: 0
    m_Flags: 0
  Weapon: 0
  WeaponSpeed: -10
  currentProjectile: {fileID: 0}
  baseLaser: {fileID: 8770415898077063906, guid: ea6db5d4d0fa71345903f7881b129b50,
    type: 3}
  tripleshot: {fileID: 7153358728393182270, guid: 2b69bac9bd8f7ec40a6f020d2a3c45e6,
    type: 3}
  shield: {fileID: 7072912867499160257, guid: 1a55f02aa9080394fac81335a8a207a4, type: 3}
  piercingShot: {fileID: 4372243955557384649, guid: 9fdfc8afe1efaaa4384736bcac2928a8,
    type: 3}
  grower: {fileID: 254799654686898324, guid: d56206297125f434dbb2d22e53a42e5a, type: 3}
  EMP: {fileID: 7225921002785544511, guid: a7a23c8039b13b841a6edab19a8528c3, type: 3}
  ZigZagger: {fileID: 5397978344990727894, guid: ba10c4891f9a3ba4d9c29a8cfe2118d8,
    type: 3}
  DoubleZigZagger: {fileID: 3145155337706557538, guid: a351beed995e327489acf6835290dc61,
    type: 3}
  canShoot: 0
  reloadTime: 0
  CurrentHP: {fileID: 0}
  shieldImage: {fileID: 0}
  DamageEvent:
    idInternal: 0
    valueGuidInternal: 
    WwiseObjectReference: {fileID: 11400000, guid: cc2f6d370ae561c44bc067e20dacadf4,
      type: 2}
  ShieldHitEvent:
    idInternal: 0
    valueGuidInternal: 
    WwiseObjectReference: {fileID: 11400000, guid: eaff3a4621ccb9447b26327963f56dfc,
      type: 2}
  ForceField: {fileID: 4158165031465992536}
  AllyShip: {fileID: 7508731055635941339, guid: 2df79bb338a53f14eb7154abc05eb2cc,
    type: 3}
  AllyTop: {fileID: 0}
  AllyBot: {fileID: 0}
  Heart: {fileID: 5737360792116765474, guid: 741c4fe38e43b3f4ba4f5963981e3a39, type: 3}
  direction: {x: 0, y: 0}
  PlayerMovement:
    m_Name: Player Movement
    m_Type: 0
    m_ExpectedControlType: 
    m_Id: c494f52c-a068-45c5-8ee2-2b72c0d19946
    m_Processors: 
    m_Interactions: 
    m_SingletonActionBindings:
    - m_Name: Joystick
      m_Id: 4b0f04c2-2055-464f-9961-2ca44ea641bc
      m_Path: 2DVector
      m_Interactions: 
      m_Processors: 
      m_Groups: 
      m_Action: Player Movement
      m_Flags: 4
    - m_Name: up
      m_Id: ae69e16c-e0a5-4cca-bc45-f2bd0c9cbb6b
      m_Path: <Joystick>/stick/up
      m_Interactions: 
      m_Processors: 
      m_Groups: 
      m_Action: Player Movement
      m_Flags: 8
    - m_Name: down
      m_Id: 96570372-8f0f-45c6-a1eb-cad4bc505229
      m_Path: <Joystick>/stick/down
      m_Interactions: 
      m_Processors: 
      m_Groups: 
      m_Action: Player Movement
      m_Flags: 8
    - m_Name: left
      m_Id: 1a2819cc-b5d8-4733-b966-4ac72a0f5796
      m_Path: <Joystick>/stick/left
      m_Interactions: 
      m_Processors: 
      m_Groups: 
      m_Action: Player Movement
      m_Flags: 8
    - m_Name: right
      m_Id: 0fd166ef-e224-485d-a5e6-6d28630367d3
      m_Path: <Joystick>/stick/right
      m_Interactions: 
      m_Processors: 
      m_Groups: 
      m_Action: Player Movement
      m_Flags: 8
    - m_Name: Gamepad
      m_Id: 8e583234-e8ca-4cca-9d9c-a9303179184f
      m_Path: 2DVector
      m_Interactions: 
      m_Processors: 
      m_Groups: 
      m_Action: Player Movement
      m_Flags: 4
    - m_Name: up
      m_Id: 272d774a-dc9b-478f-8739-33adc69c110d
      m_Path: <Gamepad>/leftStick/up
      m_Interactions: 
      m_Processors: 
      m_Groups: 
      m_Action: Player Movement
      m_Flags: 8
    - m_Name: down
      m_Id: 4667c6c7-bff4-4a67-b217-78aa9ab128bf
      m_Path: <Gamepad>/leftStick/down
      m_Interactions: 
      m_Processors: 
      m_Groups: 
      m_Action: Player Movement
      m_Flags: 8
    - m_Name: left
      m_Id: ff67b897-5daa-4b9d-9097-03a5b3fdbe31
      m_Path: <Gamepad>/leftStick/left
      m_Interactions: 
      m_Processors: 
      m_Groups: 
      m_Action: Player Movement
      m_Flags: 8
    - m_Name: right
      m_Id: f052d10c-3f87-4950-acb6-995f851c230a
      m_Path: <Gamepad>/leftStick/right
      m_Interactions: 
      m_Processors: 
      m_Groups: 
      m_Action: Player Movement
      m_Flags: 8
    - m_Name: Xbox
      m_Id: 49312b8f-ac4a-4bb1-8bd6-b9ccdbf7cadf
      m_Path: 2DVector
      m_Interactions: 
      m_Processors: 
      m_Groups: 
      m_Action: Player Movement
      m_Flags: 4
    - m_Name: up
      m_Id: f9691880-6930-4256-943d-ed2fb5fd689d
      m_Path: <XInputController>/leftStick/up
      m_Interactions: 
      m_Processors: 
      m_Groups: 
      m_Action: Player Movement
      m_Flags: 8
    - m_Name: down
      m_Id: 79426419-bff6-48b0-99ff-2b34c3122563
      m_Path: <XInputController>/leftStick/down
      m_Interactions: 
      m_Processors: 
      m_Groups: 
      m_Action: Player Movement
      m_Flags: 8
    - m_Name: left
      m_Id: 14b1a434-3715-4214-8177-5b9a4db9b671
      m_Path: <XInputController>/leftStick/left
      m_Interactions: 
      m_Processors: 
      m_Groups: 
      m_Action: Player Movement
      m_Flags: 8
    - m_Name: right
      m_Id: 5637b92b-a73c-487a-b6da-47ceac67b345
      m_Path: <XInputController>/leftStick/right
      m_Interactions: 
      m_Processors: 
      m_Groups: 
      m_Action: Player Movement
      m_Flags: 8
    - m_Name: Arrows
      m_Id: acc8e8cf-d4d0-42f6-ba94-ab18a59535f0
      m_Path: 2DVector
      m_Interactions: 
      m_Processors: 
      m_Groups: 
      m_Action: Player Movement
      m_Flags: 4
    - m_Name: up
      m_Id: 659655c2-ba6c-4c42-bab4-ef8f400e864b
      m_Path: <Keyboard>/upArrow
      m_Interactions: 
      m_Processors: 
      m_Groups: 
      m_Action: Player Movement
      m_Flags: 8
    - m_Name: down
      m_Id: 1a1daebc-2614-4374-a7f8-12fdfe36afbc
      m_Path: <Keyboard>/downArrow
      m_Interactions: 
      m_Processors: 
      m_Groups: 
      m_Action: Player Movement
      m_Flags: 8
    - m_Name: left
      m_Id: 3fd347a2-775c-4fcd-9b54-50a1bb167370
      m_Path: <Keyboard>/leftArrow
      m_Interactions: 
      m_Processors: 
      m_Groups: 
      m_Action: Player Movement
      m_Flags: 8
    - m_Name: right
      m_Id: aac9cd3a-6409-4509-beae-86f2d393bfb9
      m_Path: <Keyboard>/rightArrow
      m_Interactions: 
      m_Processors: 
      m_Groups: 
      m_Action: Player Movement
      m_Flags: 8
    - m_Name: Xbox D-Pad
      m_Id: fa2a3745-c959-4f85-a1a2-81bbd8fb5c87
      m_Path: 2DVector
      m_Interactions: 
      m_Processors: 
      m_Groups: 
      m_Action: Player Movement
      m_Flags: 4
    - m_Name: up
      m_Id: b00a984c-2306-4a86-86dc-0db6d7b37e2f
      m_Path: <XInputController>/leftStick/up
      m_Interactions: 
      m_Processors: 
      m_Groups: 
      m_Action: Player Movement
      m_Flags: 8
    - m_Name: down
      m_Id: 2c8c9c9b-2aa1-43ab-a1c8-286af3c59a2f
      m_Path: <XInputController>/leftStick/down
      m_Interactions: 
      m_Processors: 
      m_Groups: 
      m_Action: Player Movement
      m_Flags: 8
    - m_Name: left
      m_Id: 495fd699-7ec7-4b68-95ff-1a8e04e3badd
      m_Path: <XboxOneGamepadAndroid>/leftStick/left
      m_Interactions: 
      m_Processors: 
      m_Groups: 
      m_Action: Player Movement
      m_Flags: 8
    - m_Name: right
      m_Id: b9cff92f-0773-4e13-a610-b60351f72996
      m_Path: <XInputController>/leftStick/right
      m_Interactions: 
      m_Processors: 
      m_Groups: 
      m_Action: Player Movement
      m_Flags: 8
    m_Flags: 0
--- !u!65 &4158165030946930912
BoxCollider:
  m_ObjectHideFlags: 0
  m_CorrespondingSourceObject: {fileID: 0}
  m_PrefabInstance: {fileID: 0}
  m_PrefabAsset: {fileID: 0}
  m_GameObject: {fileID: 4158165030946930906}
  m_Material: {fileID: 0}
  m_IsTrigger: 0
  m_Enabled: 1
  serializedVersion: 2
  m_Size: {x: 2.4163256, y: 0.9527235, z: 0.86555135}
  m_Center: {x: -0.18675789, y: 0.017891344, z: -0.01865478}
--- !u!54 &4158165030946930913
Rigidbody:
  m_ObjectHideFlags: 0
  m_CorrespondingSourceObject: {fileID: 0}
  m_PrefabInstance: {fileID: 0}
  m_PrefabAsset: {fileID: 0}
  m_GameObject: {fileID: 4158165030946930906}
  serializedVersion: 2
  m_Mass: 1
  m_Drag: 0
  m_AngularDrag: 0.05
  m_UseGravity: 0
  m_IsKinematic: 0
  m_Interpolate: 0
  m_Constraints: 120
  m_CollisionDetection: 0
--- !u!114 &4158165030946930914
MonoBehaviour:
  m_ObjectHideFlags: 0
  m_CorrespondingSourceObject: {fileID: 0}
  m_PrefabInstance: {fileID: 0}
  m_PrefabAsset: {fileID: 0}
  m_GameObject: {fileID: 4158165030946930906}
  m_Enabled: 1
  m_EditorHideFlags: 0
  m_Script: {fileID: 11500000, guid: 5fea29bb7c508c244a1f805a5fd3fc4d, type: 3}
  m_Name: 
  m_EditorClassIdentifier: 
  outlineMode: 0
  outlineColor: {r: 1, g: 0.55914056, b: 0, a: 1}
  outlineWidth: 10
  precomputeOutline: 0
  bakeKeys: []
  bakeValues: []
--- !u!114 &-2218541833577184801
MonoBehaviour:
  m_ObjectHideFlags: 0
  m_CorrespondingSourceObject: {fileID: 0}
  m_PrefabInstance: {fileID: 0}
  m_PrefabAsset: {fileID: 0}
  m_GameObject: {fileID: 4158165030946930906}
  m_Enabled: 1
  m_EditorHideFlags: 0
  m_Script: {fileID: 11500000, guid: d5721074d5c09ff40945efcf6da88a6f, type: 3}
  m_Name: 
  m_EditorClassIdentifier: 
  m_listeners:
    initialListenerList: []
    useDefaultListeners: 1
  isEnvironmentAware: 1
  isStaticObject: 0
  m_positionOffsetData:
    KeepMe: 0
    positionOffset: {x: 0, y: 0, z: 0}
  m_posOffsetData: {fileID: 0}
  listenerMask: 1
--- !u!114 &6605795371451347862
MonoBehaviour:
  m_ObjectHideFlags: 0
  m_CorrespondingSourceObject: {fileID: 0}
  m_PrefabInstance: {fileID: 0}
  m_PrefabAsset: {fileID: 0}
  m_GameObject: {fileID: 4158165030946930906}
  m_Enabled: 1
  m_EditorHideFlags: 0
  m_Script: {fileID: 11500000, guid: e519f4cea0d32c444bc9a565c38b541e, type: 3}
  m_Name: 
  m_EditorClassIdentifier: 
  triggerList: 
  useOtherObject: 0
  actionOnEventType: 0
  curveInterpolation: 4
  enableActionOnEvent: 0
  data:
    idInternal: 0
    valueGuidInternal: 
    WwiseObjectReference: {fileID: 11400000, guid: cc2f6d370ae561c44bc067e20dacadf4,
      type: 2}
  useCallbacks: 0
  Callbacks: []
  playingId: 0
  soundEmitterObject: {fileID: 0}
  transitionDuration: 0
  eventIdInternal: 0
  valueGuidInternal: 
  m_callbackDataInternal: {fileID: 0}
--- !u!1 &4158165031465992536
GameObject:
  m_ObjectHideFlags: 0
  m_CorrespondingSourceObject: {fileID: 0}
  m_PrefabInstance: {fileID: 0}
  m_PrefabAsset: {fileID: 0}
  serializedVersion: 6
  m_Component:
  - component: {fileID: 4158165031465992537}
  - component: {fileID: 4158165031465992539}
  - component: {fileID: 4158165031465992538}
  m_Layer: 0
  m_Name: ForceField
  m_TagString: Untagged
  m_Icon: {fileID: 0}
  m_NavMeshLayer: 0
  m_StaticEditorFlags: 0
  m_IsActive: 0
--- !u!4 &4158165031465992537
Transform:
  m_ObjectHideFlags: 0
  m_CorrespondingSourceObject: {fileID: 0}
  m_PrefabInstance: {fileID: 0}
  m_PrefabAsset: {fileID: 0}
  m_GameObject: {fileID: 4158165031465992536}
  m_LocalRotation: {x: -0, y: -0, z: -0, w: 1}
  m_LocalPosition: {x: -0.23165195, y: 0, z: 0}
  m_LocalScale: {x: 2.895031, y: 2.895031, z: 2.895031}
  m_ConstrainProportionsScale: 0
  m_Children: []
  m_Father: {fileID: 4158165030946930910}
  m_RootOrder: 0
  m_LocalEulerAnglesHint: {x: 0, y: 0, z: 0}
--- !u!33 &4158165031465992539
MeshFilter:
  m_ObjectHideFlags: 0
  m_CorrespondingSourceObject: {fileID: 0}
  m_PrefabInstance: {fileID: 0}
  m_PrefabAsset: {fileID: 0}
  m_GameObject: {fileID: 4158165031465992536}
  m_Mesh: {fileID: 10207, guid: 0000000000000000e000000000000000, type: 0}
--- !u!23 &4158165031465992538
MeshRenderer:
  m_ObjectHideFlags: 0
  m_CorrespondingSourceObject: {fileID: 0}
  m_PrefabInstance: {fileID: 0}
  m_PrefabAsset: {fileID: 0}
  m_GameObject: {fileID: 4158165031465992536}
  m_Enabled: 1
  m_CastShadows: 1
  m_ReceiveShadows: 1
  m_DynamicOccludee: 1
  m_StaticShadowCaster: 0
  m_MotionVectors: 1
  m_LightProbeUsage: 1
  m_ReflectionProbeUsage: 1
  m_RayTracingMode: 2
  m_RayTraceProcedural: 0
  m_RenderingLayerMask: 1
  m_RendererPriority: 0
  m_Materials:
  - {fileID: 2100000, guid: 7201a82841a8a42489a4812821f0f180, type: 2}
  m_StaticBatchInfo:
    firstSubMesh: 0
    subMeshCount: 0
  m_StaticBatchRoot: {fileID: 0}
  m_ProbeAnchor: {fileID: 0}
  m_LightProbeVolumeOverride: {fileID: 0}
  m_ScaleInLightmap: 1
  m_ReceiveGI: 1
  m_PreserveUVs: 0
  m_IgnoreNormalsForChartDetection: 0
  m_ImportantGI: 0
  m_StitchLightmapSeams: 1
  m_SelectedEditorRenderState: 3
  m_MinimumChartSize: 4
  m_AutoUVMaxDistance: 0.5
  m_AutoUVMaxAngle: 89
  m_LightmapParameters: {fileID: 0}
  m_SortingLayerID: 0
  m_SortingLayer: 0
  m_SortingOrder: 0
  m_AdditionalVertexStreams: {fileID: 0}
--- !u!1 &4158165031968392230
GameObject:
  m_ObjectHideFlags: 0
  m_CorrespondingSourceObject: {fileID: 0}
  m_PrefabInstance: {fileID: 0}
  m_PrefabAsset: {fileID: 0}
  serializedVersion: 6
  m_Component:
  - component: {fileID: 4158165031968392231}
  - component: {fileID: 4158165031968392234}
  - component: {fileID: 4158165031968392233}
  - component: {fileID: 4158165031968392232}
  m_Layer: 8
  m_Name: Body
  m_TagString: Untagged
  m_Icon: {fileID: 0}
  m_NavMeshLayer: 0
  m_StaticEditorFlags: 0
  m_IsActive: 1
--- !u!4 &4158165031968392231
Transform:
  m_ObjectHideFlags: 0
  m_CorrespondingSourceObject: {fileID: 0}
  m_PrefabInstance: {fileID: 0}
  m_PrefabAsset: {fileID: 0}
  m_GameObject: {fileID: 4158165031968392230}
  m_LocalRotation: {x: 0, y: 0, z: 0.7071068, w: 0.7071068}
  m_LocalPosition: {x: -0.28, y: 0, z: 0}
  m_LocalScale: {x: 1, y: 1, z: 1}
  m_ConstrainProportionsScale: 0
  m_Children: []
  m_Father: {fileID: 4158165030946930910}
  m_RootOrder: 1
  m_LocalEulerAnglesHint: {x: 0, y: 0, z: 90}
--- !u!33 &4158165031968392234
MeshFilter:
  m_ObjectHideFlags: 0
  m_CorrespondingSourceObject: {fileID: 0}
  m_PrefabInstance: {fileID: 0}
  m_PrefabAsset: {fileID: 0}
  m_GameObject: {fileID: 4158165031968392230}
  m_Mesh: {fileID: 10208, guid: 0000000000000000e000000000000000, type: 0}
--- !u!23 &4158165031968392233
MeshRenderer:
  m_ObjectHideFlags: 0
  m_CorrespondingSourceObject: {fileID: 0}
  m_PrefabInstance: {fileID: 0}
  m_PrefabAsset: {fileID: 0}
  m_GameObject: {fileID: 4158165031968392230}
  m_Enabled: 1
  m_CastShadows: 0
  m_ReceiveShadows: 1
  m_DynamicOccludee: 1
  m_StaticShadowCaster: 0
  m_MotionVectors: 1
  m_LightProbeUsage: 1
  m_ReflectionProbeUsage: 1
  m_RayTracingMode: 2
  m_RayTraceProcedural: 0
  m_RenderingLayerMask: 1
  m_RendererPriority: 0
  m_Materials:
  - {fileID: 2100000, guid: 0a82d9da431e74a4091dc6706c07d89b, type: 2}
  m_StaticBatchInfo:
    firstSubMesh: 0
    subMeshCount: 0
  m_StaticBatchRoot: {fileID: 0}
  m_ProbeAnchor: {fileID: 0}
  m_LightProbeVolumeOverride: {fileID: 0}
  m_ScaleInLightmap: 1
  m_ReceiveGI: 1
  m_PreserveUVs: 0
  m_IgnoreNormalsForChartDetection: 0
  m_ImportantGI: 0
  m_StitchLightmapSeams: 1
  m_SelectedEditorRenderState: 3
  m_MinimumChartSize: 4
  m_AutoUVMaxDistance: 0.5
  m_AutoUVMaxAngle: 89
  m_LightmapParameters: {fileID: 0}
  m_SortingLayerID: 0
  m_SortingLayer: 0
  m_SortingOrder: 0
  m_AdditionalVertexStreams: {fileID: 0}
--- !u!136 &4158165031968392232
CapsuleCollider:
  m_ObjectHideFlags: 0
  m_CorrespondingSourceObject: {fileID: 0}
  m_PrefabInstance: {fileID: 0}
  m_PrefabAsset: {fileID: 0}
  m_GameObject: {fileID: 4158165031968392230}
  m_Material: {fileID: 0}
  m_IsTrigger: 0
  m_Enabled: 0
  m_Radius: 0.5
  m_Height: 2
  m_Direction: 1
  m_Center: {x: 0, y: 0, z: 0}
--- !u!1 &4158165032066910744
GameObject:
  m_ObjectHideFlags: 0
  m_CorrespondingSourceObject: {fileID: 0}
  m_PrefabInstance: {fileID: 0}
  m_PrefabAsset: {fileID: 0}
  serializedVersion: 6
  m_Component:
  - component: {fileID: 4158165032066910745}
  - component: {fileID: 4158165032066910750}
  - component: {fileID: 4158165032066910749}
  - component: {fileID: 4158165032066910748}
  - component: {fileID: 4158165032066910747}
  m_Layer: 0
  m_Name: PolyShape (1)
  m_TagString: Untagged
  m_Icon: {fileID: 0}
  m_NavMeshLayer: 0
  m_StaticEditorFlags: 0
  m_IsActive: 1
--- !u!4 &4158165032066910745
Transform:
  m_ObjectHideFlags: 0
  m_CorrespondingSourceObject: {fileID: 0}
  m_PrefabInstance: {fileID: 0}
  m_PrefabAsset: {fileID: 0}
  m_GameObject: {fileID: 4158165032066910744}
  m_LocalRotation: {x: -0.33711246, y: -0.6037455, z: 0.62766194, w: 0.35761315}
  m_LocalPosition: {x: 0.615, y: 0.083, z: 0.112036616}
  m_LocalScale: {x: 5.024899, y: 5.024899, z: 5.0248985}
  m_ConstrainProportionsScale: 0
  m_Children: []
  m_Father: {fileID: 4158165030946930910}
  m_RootOrder: 3
  m_LocalEulerAnglesHint: {x: 31.117, y: -87.075, z: 91.018}
--- !u!114 &4158165032066910750
MonoBehaviour:
  m_ObjectHideFlags: 0
  m_CorrespondingSourceObject: {fileID: 0}
  m_PrefabInstance: {fileID: 0}
  m_PrefabAsset: {fileID: 0}
  m_GameObject: {fileID: 4158165032066910744}
  m_Enabled: 1
  m_EditorHideFlags: 0
  m_Script: {fileID: 11500000, guid: 8233d90336aea43098adf6dbabd606a2, type: 3}
  m_Name: 
  m_EditorClassIdentifier: 
  m_MeshFormatVersion: 2
  m_Faces:
  - m_Indexes: 010000000200000000000000
    m_SmoothingGroup: 0
    m_Uv:
      m_UseWorldSpace: 0
      m_FlipU: 0
      m_FlipV: 0
      m_SwapUV: 0
      m_Fill: 1
      m_Scale: {x: 1, y: 1}
      m_Offset: {x: 0, y: 0}
      m_Rotation: 0
      m_Anchor: 9
    m_Material: {fileID: 2100000, guid: 31321ba15b8f8eb4c954353edc038b1d, type: 2}
    m_SubmeshIndex: 0
    m_ManualUV: 0
    elementGroup: 0
    m_TextureGroup: -1
  - m_Indexes: 050000000400000003000000
    m_SmoothingGroup: 0
    m_Uv:
      m_UseWorldSpace: 0
      m_FlipU: 0
      m_FlipV: 0
      m_SwapUV: 0
      m_Fill: 1
      m_Scale: {x: 1, y: 1}
      m_Offset: {x: 0, y: 0}
      m_Rotation: 0
      m_Anchor: 9
    m_Material: {fileID: 2100000, guid: 31321ba15b8f8eb4c954353edc038b1d, type: 2}
    m_SubmeshIndex: 0
    m_ManualUV: 0
    elementGroup: 0
    m_TextureGroup: -1
  - m_Indexes: 060000000700000008000000070000000900000008000000
    m_SmoothingGroup: 0
    m_Uv:
      m_UseWorldSpace: 0
      m_FlipU: 0
      m_FlipV: 0
      m_SwapUV: 0
      m_Fill: 1
      m_Scale: {x: 1, y: 1}
      m_Offset: {x: 0, y: 0}
      m_Rotation: 0
      m_Anchor: 9
    m_Material: {fileID: 0}
    m_SubmeshIndex: 0
    m_ManualUV: 0
    elementGroup: -1
    m_TextureGroup: -1
  - m_Indexes: 0a0000000b0000000c0000000b0000000d0000000c000000
    m_SmoothingGroup: 0
    m_Uv:
      m_UseWorldSpace: 0
      m_FlipU: 0
      m_FlipV: 0
      m_SwapUV: 0
      m_Fill: 1
      m_Scale: {x: 1, y: 1}
      m_Offset: {x: 0, y: 0}
      m_Rotation: 0
      m_Anchor: 9
    m_Material: {fileID: 0}
    m_SubmeshIndex: 0
    m_ManualUV: 0
    elementGroup: -1
    m_TextureGroup: -1
  - m_Indexes: 0e0000000f000000100000000f0000001100000010000000
    m_SmoothingGroup: 0
    m_Uv:
      m_UseWorldSpace: 0
      m_FlipU: 0
      m_FlipV: 0
      m_SwapUV: 0
      m_Fill: 1
      m_Scale: {x: 1, y: 1}
      m_Offset: {x: 0, y: 0}
      m_Rotation: 0
      m_Anchor: 9
    m_Material: {fileID: 0}
    m_SubmeshIndex: 0
    m_ManualUV: 0
    elementGroup: -1
    m_TextureGroup: -1
  m_SharedVertices:
  - m_Vertices: 000000000d00000010000000
  - m_Vertices: 050000000b0000000e000000
  - m_Vertices: 010000000800000011000000
  - m_Vertices: 03000000060000000f000000
  - m_Vertices: 02000000090000000c000000
  - m_Vertices: 04000000070000000a000000
  m_SharedTextures: []
  m_Positions:
  - {x: -0.000000055241085, y: 0.05499391, z: -0.000000033039598}
  - {x: 0.029177394, y: 0.05499388, z: -0.098389246}
  - {x: -0.09402995, y: 0.0549938, z: -0.02183015}
  - {x: 0.02917745, y: -0.000000029802322, z: -0.098389216}
  - {x: -0.094029896, y: -0.00000010756776, z: -0.021830117}
  - {x: 0, y: 0, z: 0}
  - {x: 0.02917745, y: -0.000000029802322, z: -0.098389216}
  - {x: -0.094029896, y: -0.00000010756776, z: -0.021830117}
  - {x: 0.029177394, y: 0.05499388, z: -0.098389246}
  - {x: -0.09402995, y: 0.0549938, z: -0.02183015}
  - {x: -0.094029896, y: -0.00000010756776, z: -0.021830117}
  - {x: 0, y: 0, z: 0}
  - {x: -0.09402995, y: 0.0549938, z: -0.02183015}
  - {x: -0.000000055241085, y: 0.05499391, z: -0.000000033039598}
  - {x: 0, y: 0, z: 0}
  - {x: 0.02917745, y: -0.000000029802322, z: -0.098389216}
  - {x: -0.000000055241085, y: 0.05499391, z: -0.000000033039598}
  - {x: 0.029177394, y: 0.05499388, z: -0.098389246}
  m_Textures0:
  - {x: 2.5479766e-10, y: 7.5563354e-11}
  - {x: 0.02917745, y: -0.098389216}
  - {x: -0.094029896, y: -0.021830117}
  - {x: -0.02917745, y: -0.098389216}
  - {x: 0.094029896, y: -0.021830117}
  - {x: 0, y: 0}
  - {x: 0.07671133, y: 0.000000038134463}
  - {x: -0.068345025, y: -0.000000039630976}
  - {x: 0.0767113, y: 0.054993946}
  - {x: -0.06834505, y: 0.054993868}
  - {x: 0.0965307, y: -0.00000010756776}
  - {x: 0, y: 0}
  - {x: 0.09653075, y: 0.0549938}
  - {x: 0.00000006128177, y: 0.05499391}
  - {x: 0, y: 0}
  - {x: -0.10262437, y: -0.000000029802322}
  - {x: -0.000000015970343, y: 0.05499391}
  - {x: -0.10262439, y: 0.05499388}
  m_Textures2: []
  m_Textures3: []
  m_Tangents:
  - {x: 1, y: 0.0000010091278, z: 0, w: -1}
  - {x: 1, y: 0.0000010091278, z: 0, w: -1}
  - {x: 1, y: 0.0000010091278, z: 0, w: -1}
  - {x: -1, y: -0.0000010044946, z: 0, w: -1}
  - {x: -1, y: -0.0000010044946, z: 0, w: -1}
  - {x: -1, y: -0.0000010044946, z: 0, w: -1}
  - {x: 0.8493757, y: 0, z: -0.52778864, w: -1}
  - {x: 0.8493757, y: 0, z: -0.52778864, w: -1}
  - {x: 0.8493757, y: 0, z: -0.52778864, w: -1}
  - {x: 0.8493757, y: -6.069929e-14, z: -0.52778876, w: -1}
  - {x: -0.97409326, y: 5.653461e-15, z: -0.22614689, w: -1}
  - {x: -0.97409326, y: 1.09889514e-14, z: -0.22614689, w: -1}
  - {x: -0.97409326, y: 1.09889514e-14, z: -0.22614689, w: -1}
  - {x: -0.97409326, y: 0, z: -0.2261469, w: -1}
  - {x: -0.28431305, y: 3.3791424e-14, z: 0.95873153, w: -1}
  - {x: -0.28431305, y: 3.3707842e-14, z: 0.95873153, w: -1}
  - {x: -0.28431305, y: 3.3707842e-14, z: 0.95873153, w: -1}
  - {x: -0.28431305, y: 3.362426e-14, z: 0.95873153, w: -1}
  m_Colors: []
  m_UnwrapParameters:
    m_HardAngle: 88
    m_PackMargin: 20
    m_AngleError: 8
    m_AreaError: 15
  m_PreserveMeshAssetOnDestroy: 0
  assetGuid: 
  m_Mesh: {fileID: 0}
  m_VersionIndex: 706
  m_IsSelectable: 1
  m_SelectedFaces: 
  m_SelectedEdges: []
  m_SelectedVertices: 
--- !u!114 &4158165032066910749
MonoBehaviour:
  m_ObjectHideFlags: 0
  m_CorrespondingSourceObject: {fileID: 0}
  m_PrefabInstance: {fileID: 0}
  m_PrefabAsset: {fileID: 0}
  m_GameObject: {fileID: 4158165032066910744}
  m_Enabled: 1
  m_EditorHideFlags: 0
  m_Script: {fileID: 11500000, guid: bb977b126bc1b4f15813dcf9da9bb600, type: 3}
  m_Name: 
  m_EditorClassIdentifier: 
  m_Points:
  - {x: 0, y: 0, z: 0}
  - {x: 0.02917745, y: -0.000000029802322, z: -0.098389216}
  - {x: -0.094029896, y: -0.00000010756776, z: -0.021830117}
  m_Extrude: 0.05499391
  m_EditMode: 0
  m_FlipNormals: 0
  isOnGrid: 0
--- !u!23 &4158165032066910748
MeshRenderer:
  m_ObjectHideFlags: 0
  m_CorrespondingSourceObject: {fileID: 0}
  m_PrefabInstance: {fileID: 0}
  m_PrefabAsset: {fileID: 0}
  m_GameObject: {fileID: 4158165032066910744}
  m_Enabled: 1
  m_CastShadows: 0
  m_ReceiveShadows: 1
  m_DynamicOccludee: 1
  m_StaticShadowCaster: 0
  m_MotionVectors: 1
  m_LightProbeUsage: 1
  m_ReflectionProbeUsage: 1
  m_RayTracingMode: 2
  m_RayTraceProcedural: 0
  m_RenderingLayerMask: 1
  m_RendererPriority: 0
  m_Materials:
  - {fileID: 2100000, guid: 0a82d9da431e74a4091dc6706c07d89b, type: 2}
  m_StaticBatchInfo:
    firstSubMesh: 0
    subMeshCount: 0
  m_StaticBatchRoot: {fileID: 0}
  m_ProbeAnchor: {fileID: 0}
  m_LightProbeVolumeOverride: {fileID: 0}
  m_ScaleInLightmap: 1
  m_ReceiveGI: 1
  m_PreserveUVs: 0
  m_IgnoreNormalsForChartDetection: 0
  m_ImportantGI: 0
  m_StitchLightmapSeams: 1
  m_SelectedEditorRenderState: 2
  m_MinimumChartSize: 4
  m_AutoUVMaxDistance: 0.5
  m_AutoUVMaxAngle: 89
  m_LightmapParameters: {fileID: 0}
  m_SortingLayerID: 0
  m_SortingLayer: 0
  m_SortingOrder: 0
  m_AdditionalVertexStreams: {fileID: 0}
--- !u!33 &4158165032066910747
MeshFilter:
  m_ObjectHideFlags: 0
  m_CorrespondingSourceObject: {fileID: 0}
  m_PrefabInstance: {fileID: 0}
  m_PrefabAsset: {fileID: 0}
  m_GameObject: {fileID: 4158165032066910744}
  m_Mesh: {fileID: 0}
--- !u!1 &4158165032439134017
GameObject:
  m_ObjectHideFlags: 0
  m_CorrespondingSourceObject: {fileID: 0}
  m_PrefabInstance: {fileID: 0}
  m_PrefabAsset: {fileID: 0}
  serializedVersion: 6
  m_Component:
  - component: {fileID: 4158165032439134018}
  - component: {fileID: 4158165032439134020}
  - component: {fileID: 4158165032439134019}
  m_Layer: 8
  m_Name: Wing (2)
  m_TagString: Untagged
  m_Icon: {fileID: 0}
  m_NavMeshLayer: 0
  m_StaticEditorFlags: 0
  m_IsActive: 1
--- !u!4 &4158165032439134018
Transform:
  m_ObjectHideFlags: 0
  m_CorrespondingSourceObject: {fileID: 0}
  m_PrefabInstance: {fileID: 0}
  m_PrefabAsset: {fileID: 0}
  m_GameObject: {fileID: 4158165032439134017}
  m_LocalRotation: {x: -0, y: -0, z: -0.7071068, w: 0.7071068}
  m_LocalPosition: {x: -0.372, y: -0.18199997, z: -0.40299997}
  m_LocalScale: {x: 0.3777744, y: 0.9578802, z: 0.99336755}
  m_ConstrainProportionsScale: 0
  m_Children: []
  m_Father: {fileID: 4158165030946930910}
  m_RootOrder: 4
  m_LocalEulerAnglesHint: {x: 0, y: 0, z: 0}
--- !u!33 &4158165032439134020
MeshFilter:
  m_ObjectHideFlags: 0
  m_CorrespondingSourceObject: {fileID: 0}
  m_PrefabInstance: {fileID: 0}
  m_PrefabAsset: {fileID: 0}
  m_GameObject: {fileID: 4158165032439134017}
  m_Mesh: {fileID: 10208, guid: 0000000000000000e000000000000000, type: 0}
--- !u!23 &4158165032439134019
MeshRenderer:
  m_ObjectHideFlags: 0
  m_CorrespondingSourceObject: {fileID: 0}
  m_PrefabInstance: {fileID: 0}
  m_PrefabAsset: {fileID: 0}
  m_GameObject: {fileID: 4158165032439134017}
  m_Enabled: 1
  m_CastShadows: 0
  m_ReceiveShadows: 1
  m_DynamicOccludee: 1
  m_StaticShadowCaster: 0
  m_MotionVectors: 1
  m_LightProbeUsage: 1
  m_ReflectionProbeUsage: 1
  m_RayTracingMode: 2
  m_RayTraceProcedural: 0
  m_RenderingLayerMask: 1
  m_RendererPriority: 0
  m_Materials:
  - {fileID: 2100000, guid: 0a82d9da431e74a4091dc6706c07d89b, type: 2}
  m_StaticBatchInfo:
    firstSubMesh: 0
    subMeshCount: 0
  m_StaticBatchRoot: {fileID: 0}
  m_ProbeAnchor: {fileID: 0}
  m_LightProbeVolumeOverride: {fileID: 0}
  m_ScaleInLightmap: 1
  m_ReceiveGI: 1
  m_PreserveUVs: 0
  m_IgnoreNormalsForChartDetection: 0
  m_ImportantGI: 0
  m_StitchLightmapSeams: 1
  m_SelectedEditorRenderState: 3
  m_MinimumChartSize: 4
  m_AutoUVMaxDistance: 0.5
  m_AutoUVMaxAngle: 89
  m_LightmapParameters: {fileID: 0}
  m_SortingLayerID: 0
  m_SortingLayer: 0
  m_SortingOrder: 0
  m_AdditionalVertexStreams: {fileID: 0}
--- !u!1 &4158165032562615227
GameObject:
  m_ObjectHideFlags: 0
  m_CorrespondingSourceObject: {fileID: 0}
  m_PrefabInstance: {fileID: 0}
  m_PrefabAsset: {fileID: 0}
  serializedVersion: 6
  m_Component:
  - component: {fileID: 4158165032562615228}
  - component: {fileID: 4158165032562615230}
  - component: {fileID: 4158165032562615229}
  m_Layer: 8
  m_Name: Wing (3)
  m_TagString: Untagged
  m_Icon: {fileID: 0}
  m_NavMeshLayer: 0
  m_StaticEditorFlags: 0
  m_IsActive: 1
--- !u!4 &4158165032562615228
Transform:
  m_ObjectHideFlags: 0
  m_CorrespondingSourceObject: {fileID: 0}
  m_PrefabInstance: {fileID: 0}
  m_PrefabAsset: {fileID: 0}
  m_GameObject: {fileID: 4158165032562615227}
  m_LocalRotation: {x: -0, y: -0, z: -0.7071068, w: 0.7071068}
  m_LocalPosition: {x: -0.372, y: -0.18199997, z: 0.40299997}
  m_LocalScale: {x: 0.3777744, y: 0.9578802, z: 0.99336755}
  m_ConstrainProportionsScale: 0
  m_Children: []
  m_Father: {fileID: 4158165030946930910}
  m_RootOrder: 5
  m_LocalEulerAnglesHint: {x: 0, y: 0, z: 0}
--- !u!33 &4158165032562615230
MeshFilter:
  m_ObjectHideFlags: 0
  m_CorrespondingSourceObject: {fileID: 0}
  m_PrefabInstance: {fileID: 0}
  m_PrefabAsset: {fileID: 0}
  m_GameObject: {fileID: 4158165032562615227}
  m_Mesh: {fileID: 10208, guid: 0000000000000000e000000000000000, type: 0}
--- !u!23 &4158165032562615229
MeshRenderer:
  m_ObjectHideFlags: 0
  m_CorrespondingSourceObject: {fileID: 0}
  m_PrefabInstance: {fileID: 0}
  m_PrefabAsset: {fileID: 0}
  m_GameObject: {fileID: 4158165032562615227}
  m_Enabled: 1
  m_CastShadows: 0
  m_ReceiveShadows: 1
  m_DynamicOccludee: 1
  m_StaticShadowCaster: 0
  m_MotionVectors: 1
  m_LightProbeUsage: 1
  m_ReflectionProbeUsage: 1
  m_RayTracingMode: 2
  m_RayTraceProcedural: 0
  m_RenderingLayerMask: 1
  m_RendererPriority: 0
  m_Materials:
  - {fileID: 2100000, guid: 0a82d9da431e74a4091dc6706c07d89b, type: 2}
  m_StaticBatchInfo:
    firstSubMesh: 0
    subMeshCount: 0
  m_StaticBatchRoot: {fileID: 0}
  m_ProbeAnchor: {fileID: 0}
  m_LightProbeVolumeOverride: {fileID: 0}
  m_ScaleInLightmap: 1
  m_ReceiveGI: 1
  m_PreserveUVs: 0
  m_IgnoreNormalsForChartDetection: 0
  m_ImportantGI: 0
  m_StitchLightmapSeams: 1
  m_SelectedEditorRenderState: 3
  m_MinimumChartSize: 4
  m_AutoUVMaxDistance: 0.5
  m_AutoUVMaxAngle: 89
  m_LightmapParameters: {fileID: 0}
  m_SortingLayerID: 0
  m_SortingLayer: 0
  m_SortingOrder: 0
  m_AdditionalVertexStreams: {fileID: 0}
